@article{1980-brent-cycles,
  author={Richard P. Brent},
  ISSN={0006--3835},
  journal={BIT},
  MR={82a:10017},
  pages={176--184},
  title={{An improved Monte Carlo factorization algorithm}},
  volume={20},
  year={1980}
}

@article{nakamoto2009bitcoin,
  author = {Nakamoto, Satoshi},
  keywords = {bitcoin cash electronic peer privacy},
  month = may,
  title = {Bitcoin: A Peer-to-Peer Electronic Cash System},
  url = {http://www.bitcoin.org/bitcoin.pdf},
  year = 2009
}

@MISC{Pagh01cuckoohashing,
    author = {Rasmus Pagh and Ny Munkegade Bldg and Dk-- Arhus C and Flemming Friche Rodler},
    title = {Cuckoo Hashing},
    year = {2001}
}

